@book{hofmann2015,
  author    = {Philip Hofmann},
  title     = {Solid State Physics: An Introduction},
  edition   = {2nd},
  year      = {2015},
  location = {Darmstadt},
  publisher = {Wiley-VCH},
  isbn      = {978-3-527-41161-6}
}

@manual{solidstatephysics2025,
    title = {FYSC23: Powder X-ray Diffraction Laboratory Manual},
    author = {Auden Ti and Hajar Jalili},
    year = {2025},
    address = {Lund},
    publisher = {Lund University},
    note = {Lab instructors: Auden Ti (\url{auden.ti_yun@sljus.lu.se}) and Hajar Jalili (\url{hajar.jalili@sljus.lu.se})},
}

@book{guinier1963xray,
  author    = {Guinier, A.},
  title     = {X-Ray Diffraction},
  year      = {1963},
  publisher = {WH Freeman},
  address   = {San Francisco and London}
  }





